% ------------------------------------------------------------------------
% SAMPLE BIBLIOGRAPHY FILE
% ------------------------------------------------------------------------

% -------------------------------------------------------
% Proposal references
% -------------------------------------------------------

@BOOK{Paar2010understanding,
 author={Christof Paar and  Jan Pelzl},
 title={Understanding Cryptography: A Textbook for Students and Practitioners},
 ISBN={10.1007/978-3-642-04101-3},
 publisher={Springer},
 year={2010}
} 

 @BOOK{Menezes2012handbook,
  author={Alfred J. Menezes, Scott A Vanstone},
  title={Handbook of Applied Cryptography},
  ISBN={978-0-8493-8523-0},
  publisher={CRC Press},
  year={1996}
 }

@book{Venturi2012crittografia,
  title={Crittografia nel Paese delle Meraviglie},
  author={Venturi, D.},
  isbn={9788847024816},
  series={UNITEXT},
  url={https://books.google.be/books?id=K-XiXdFv4QAC},
  year={2012},
  publisher={Springer Milan}
}

@book{Katz2014modern,
  title={Introduction to Modern Cryptography},
  author={Katz, J. and Lindell, Y.},
  isbn={9781466570269},
  lccn={2014039042},
  series={Chapman \& Hall/CRC Cryptography and Network Security Series},
  url={https://books.google.be/books?id=OWZYBQAAQBAJ},
  year={2014},
  publisher={Taylor \& Francis}
}

@book{Rijndael2020design,
   title =     {The Design Of Rijndael: The Advanced Encryption Standard (AES)},
   author =    {Joan Daemen, Vincent Rijmen},
   publisher = {Springer},
   isbn =      {3662607689, 9783662607688, 9783662607695},
   year =      {2020},
   series =    {Information Security And Cryptography},
   edition =   {2nd Edition},
   volume =    {},
   url =       {http://gen.lib.rus.ec/book/index.php?md5=704D1FF2DF37AC008D65910AF8CBD191}}
}
